%YAML 1.1
%TAG !u! tag:unity3d.com,2011:
--- !u!1 &3156030984140234315
GameObject:
  m_ObjectHideFlags: 0
  m_CorrespondingSourceObject: {fileID: 0}
  m_PrefabInstance: {fileID: 0}
  m_PrefabAsset: {fileID: 0}
  serializedVersion: 6
  m_Component:
  - component: {fileID: 3156030984140234316}
  - component: {fileID: 3156030984140234317}
  - component: {fileID: 3156030984140234314}
  - component: {fileID: 3156030984140234319}
  m_Layer: 0
  m_Name: LeftPaddle
  m_TagString: Untagged
  m_Icon: {fileID: 0}
  m_NavMeshLayer: 0
  m_StaticEditorFlags: 0
  m_IsActive: 1
--- !u!4 &3156030984140234316
Transform:
  m_ObjectHideFlags: 0
  m_CorrespondingSourceObject: {fileID: 0}
  m_PrefabInstance: {fileID: 0}
  m_PrefabAsset: {fileID: 0}
  m_GameObject: {fileID: 3156030984140234315}
  m_LocalRotation: {x: 0, y: 0, z: 0, w: 1}
  m_LocalPosition: {x: 0, y: 0, z: 0}
  m_LocalScale: {x: 1, y: 1, z: 1}
  m_Children:
  - {fileID: 3156030984437244220}
  m_Father: {fileID: 0}
  m_RootOrder: 0
  m_LocalEulerAnglesHint: {x: 0, y: 0, z: 0}
--- !u!50 &3156030984140234317
Rigidbody2D:
  serializedVersion: 4
  m_ObjectHideFlags: 0
  m_CorrespondingSourceObject: {fileID: 0}
  m_PrefabInstance: {fileID: 0}
  m_PrefabAsset: {fileID: 0}
  m_GameObject: {fileID: 3156030984140234315}
  m_BodyType: 1
  m_Simulated: 1
  m_UseFullKinematicContacts: 0
  m_UseAutoMass: 0
  m_Mass: 1
  m_LinearDrag: 0
  m_AngularDrag: 0.05
  m_GravityScale: 1
  m_Material: {fileID: 0}
  m_Interpolate: 0
  m_SleepingMode: 1
  m_CollisionDetection: 0
  m_Constraints: 0
--- !u!233 &3156030984140234314
HingeJoint2D:
  m_ObjectHideFlags: 0
  m_CorrespondingSourceObject: {fileID: 0}
  m_PrefabInstance: {fileID: 0}
  m_PrefabAsset: {fileID: 0}
  m_GameObject: {fileID: 3156030984140234315}
  m_Enabled: 1
  serializedVersion: 4
  m_EnableCollision: 0
  m_ConnectedRigidBody: {fileID: 3156030984437244219}
  m_BreakForce: Infinity
  m_BreakTorque: Infinity
  m_AutoConfigureConnectedAnchor: 0
  m_Anchor: {x: 0, y: 0}
  m_ConnectedAnchor: {x: -0.29, y: 0}
  m_UseMotor: 1
  m_Motor:
    m_MotorSpeed: 0
    m_MaximumMotorForce: 10000
  m_UseLimits: 1
  m_AngleLimits:
    m_LowerAngle: -30
    m_UpperAngle: 30
--- !u!114 &3156030984140234319
MonoBehaviour:
  m_ObjectHideFlags: 0
  m_CorrespondingSourceObject: {fileID: 0}
  m_PrefabInstance: {fileID: 0}
  m_PrefabAsset: {fileID: 0}
  m_GameObject: {fileID: 3156030984140234315}
  m_Enabled: 1
  m_EditorHideFlags: 0
  m_Script: {fileID: 11500000, guid: c338329900e39094492bf745c384fb61, type: 3}
  m_Name: 
  m_EditorClassIdentifier: 
  PaddleSpeed: 1700
  isLeftPaddle: 1
--- !u!1 &3156030984437244216
GameObject:
  m_ObjectHideFlags: 0
  m_CorrespondingSourceObject: {fileID: 0}
  m_PrefabInstance: {fileID: 0}
  m_PrefabAsset: {fileID: 0}
  serializedVersion: 6
  m_Component:
  - component: {fileID: 3156030984437244220}
  - component: {fileID: 3156030984437244221}
  - component: {fileID: 3156030984437244219}
  - component: {fileID: 3156030984437244218}
  m_Layer: 0
  m_Name: Paddle
  m_TagString: Untagged
  m_Icon: {fileID: 0}
  m_NavMeshLayer: 0
  m_StaticEditorFlags: 0
  m_IsActive: 1
--- !u!4 &3156030984437244220
Transform:
  m_ObjectHideFlags: 0
  m_CorrespondingSourceObject: {fileID: 0}
  m_PrefabInstance: {fileID: 0}
  m_PrefabAsset: {fileID: 0}
  m_GameObject: {fileID: 3156030984437244216}
  m_LocalRotation: {x: -0, y: -0, z: -0, w: 1}
  m_LocalPosition: {x: 0.29, y: 0, z: 0}
  m_LocalScale: {x: 1, y: 1, z: 1}
  m_Children: []
  m_Father: {fileID: 3156030984140234316}
  m_RootOrder: 0
  m_LocalEulerAnglesHint: {x: 0, y: 0, z: 0}
--- !u!212 &3156030984437244221
SpriteRenderer:
  m_ObjectHideFlags: 0
  m_CorrespondingSourceObject: {fileID: 0}
  m_PrefabInstance: {fileID: 0}
  m_PrefabAsset: {fileID: 0}
  m_GameObject: {fileID: 3156030984437244216}
  m_Enabled: 1
  m_CastShadows: 0
  m_ReceiveShadows: 0
  m_DynamicOccludee: 1
  m_MotionVectors: 1
  m_LightProbeUsage: 1
  m_ReflectionProbeUsage: 1
  m_RenderingLayerMask: 1
  m_RendererPriority: 0
  m_Materials:
  - {fileID: 10754, guid: 0000000000000000f000000000000000, type: 0}
  m_StaticBatchInfo:
    firstSubMesh: 0
    subMeshCount: 0
  m_StaticBatchRoot: {fileID: 0}
  m_ProbeAnchor: {fileID: 0}
  m_LightProbeVolumeOverride: {fileID: 0}
  m_ScaleInLightmap: 1
  m_ReceiveGI: 1
  m_PreserveUVs: 0
  m_IgnoreNormalsForChartDetection: 0
  m_ImportantGI: 0
  m_StitchLightmapSeams: 1
  m_SelectedEditorRenderState: 0
  m_MinimumChartSize: 4
  m_AutoUVMaxDistance: 0.5
  m_AutoUVMaxAngle: 89
  m_LightmapParameters: {fileID: 0}
  m_SortingLayerID: 0
  m_SortingLayer: 0
  m_SortingOrder: 0
  m_Sprite: {fileID: 21300000, guid: 8810d936a05731345b67fa3e2c9a3daa, type: 3}
  m_Color: {r: 1, g: 1, b: 1, a: 1}
  m_FlipX: 0
  m_FlipY: 0
  m_DrawMode: 0
  m_Size: {x: 4.55, y: 1.75}
  m_AdaptiveModeThreshold: 0.5
  m_SpriteTileMode: 0
  m_WasSpriteAssigned: 1
  m_MaskInteraction: 0
  m_SpriteSortPoint: 0
--- !u!50 &3156030984437244219
Rigidbody2D:
  serializedVersion: 4
  m_ObjectHideFlags: 0
  m_CorrespondingSourceObject: {fileID: 0}
  m_PrefabInstance: {fileID: 0}
  m_PrefabAsset: {fileID: 0}
  m_GameObject: {fileID: 3156030984437244216}
  m_BodyType: 0
  m_Simulated: 1
  m_UseFullKinematicContacts: 0
  m_UseAutoMass: 0
  m_Mass: 5
  m_LinearDrag: 0
  m_AngularDrag: 0
  m_GravityScale: 0
  m_Material: {fileID: 0}
  m_Interpolate: 0
  m_SleepingMode: 1
  m_CollisionDetection: 0
  m_Constraints: 0
--- !u!60 &3156030984437244218
PolygonCollider2D:
  m_ObjectHideFlags: 0
  m_CorrespondingSourceObject: {fileID: 0}
  m_PrefabInstance: {fileID: 0}
  m_PrefabAsset: {fileID: 0}
  m_GameObject: {fileID: 3156030984437244216}
  m_Enabled: 1
  m_Density: 1
  m_Material: {fileID: 0}
  m_IsTrigger: 0
  m_UsedByEffector: 0
  m_UsedByComposite: 0
  m_Offset: {x: 0, y: 0}
  m_SpriteTilingProperty:
    border: {x: 0, y: 0, z: 0, w: 0}
    pivot: {x: 0.5, y: 0.5}
    oldSize: {x: 0.91, y: 0.35}
    newSize: {x: 4.55, y: 1.75}
    adaptiveTilingThreshold: 0.5
    drawMode: 0
    adaptiveTiling: 0
  m_AutoTiling: 0
  m_Points:
    m_Paths:
    - - {x: -0.157, y: -0.16700001}
      - {x: -0.13700001, y: -0.16700001}
      - {x: -0.101, y: -0.163}
      - {x: 0.163, y: -0.133}
      - {x: 0.18300001, y: -0.13100001}
      - {x: 0.21900001, y: -0.127}
      - {x: 0.23900001, y: -0.125}
      - {x: 0.257, y: -0.123}
      - {x: 0.277, y: -0.12100001}
      - {x: 0.29500002, y: -0.119}
      - {x: 0.31500003, y: -0.117000006}
      - {x: 0.35300002, y: -0.113000005}
      - {x: 0.38500002, y: -0.109000005}
      - {x: 0.41500002, y: -0.091000006}
      - {x: 0.44700003, y: -0.057000004}
      - {x: 0.455, y: -0.037}
      - {x: 0.455, y: 0.035}
      - {x: 0.44700003, y: 0.057000004}
      - {x: 0.41500002, y: 0.091000006}
      - {x: 0.38300002, y: 0.10700001}
      - {x: 0.367, y: 0.11100001}
      - {x: 0.351, y: 0.113000005}
      - {x: 0.23500001, y: 0.125}
      - {x: -0.037, y: 0.15300001}
      - {x: -0.21100001, y: 0.171}
      - {x: -0.24100001, y: 0.17500001}
      - {x: -0.31300002, y: 0.17500001}
      - {x: -0.349, y: 0.16700001}
      - {x: -0.38500002, y: 0.14500001}
      - {x: -0.42700002, y: 0.10300001}
      - {x: -0.44900003, y: 0.067}
      - {x: -0.455, y: 0.043}
      - {x: -0.455, y: -0.047000002}
      - {x: -0.44700003, y: -0.071}
      - {x: -0.437, y: -0.089}
      - {x: -0.42100003, y: -0.113000005}
      - {x: -0.393, y: -0.13900001}
      - {x: -0.379, y: -0.15100001}
      - {x: -0.337, y: -0.17300001}
      - {x: -0.32500002, y: -0.17500001}
      - {x: -0.23300001, y: -0.17500001}
      - {x: -0.215, y: -0.17300001}
      - {x: -0.19500001, y: -0.171}
